% Encoding: UTF-8


@Article{Poore2018,
  author  = {J. Poore and T. Nemecek},
  journal = {Science},
  title   = {Reducing food's environmental impacts through producers and consumers},
  year    = {2018},
  number  = {6392},
  pages   = {987-992},
  volume  = {360},
  doi     = {10.1126/science.aaq0216},
  eprint  = {https://www.science.org/doi/pdf/10.1126/science.aaq0216},
  url     = {https://www.science.org/doi/abs/10.1126/science.aaq0216},
}

@Article{Ritchie2020,
  author  = {Hannah Ritchie and Max Roser},
  journal = {Our World in Data},
  title   = {Environmental impacts of food production},
  year    = {2020},
  url     = {https://ourworldindata.org/environmental-impacts-of-food},
}

@Article{Crippa2021,
  author    = {Crippa, M and Solazzo, E and Guizzardi, D and Monforti-Ferrario, F and Tubiello, FN and Leip, A},
  journal   = {Nature Food},
  title     = {Food systems are responsible for a third of global anthropogenic GHG emissions},
  year      = {2021},
  number    = {3},
  pages     = {198--209},
  volume    = {2},
  publisher = {Nature Publishing Group},
}

@Misc{Felix2021,
  author       = {Werber, Shandwick},
  howpublished = {Online},
  note         = {Retrieved Oct, 23 2021},
  title        = {Felix the climate store},
  year         = {2021},
  url          = {https://webershandwick.eu/our-work/felix-the-climate-store/},
}

@Article{Pieper2020,
  author    = {Pieper, Maximilian and Michalke, Amelie and Gaugler, Tobias},
  journal   = {Nature communications},
  title     = {Calculation of external climate costs for food highlights inadequate pricing of animal products},
  year      = {2020},
  number    = {1},
  pages     = {1--13},
  volume    = {11},
  publisher = {Nature Publishing Group},
}

@Misc{Michigan2021,
  author       = {Center for Sustainable Systems, University of Michigan},
  howpublished = {Online},
  note         = {Retrieved Oct, 23 2021},
  title        = {Carbon Footprint Factsheet},
  year         = {2021},
  url          = {https://css.umich.edu/factsheets/carbon-footprint-factsheet},
}

@Article{Petersson2021,
  author    = {Petersson, Tashina and Secondi, Luca and Magnani, Andrea and Antonelli, Marta and Dembska, Katarzyna and Valentini, Riccardo and Varotto, Alessandra and Castaldi, Simona},
  journal   = {Scientific Data},
  title     = {A multilevel carbon and water footprint dataset of food commodities},
  year      = {2021},
  number    = {1},
  pages     = {1--12},
  volume    = {8},
  publisher = {Nature Publishing Group},
}

@Comment{jabref-meta: databaseType:bibtex;}
